%YAML 1.1
%TAG !u! tag:unity3d.com,2011:
--- !u!1 &4697952855869555427
GameObject:
  m_ObjectHideFlags: 0
  m_CorrespondingSourceObject: {fileID: 0}
  m_PrefabInstance: {fileID: 0}
  m_PrefabAsset: {fileID: 0}
  serializedVersion: 6
  m_Component:
  - component: {fileID: 5810649822129368125}
  m_Layer: 0
  m_Name: SensorsEast
  m_TagString: Untagged
  m_Icon: {fileID: 0}
  m_NavMeshLayer: 0
  m_StaticEditorFlags: 0
  m_IsActive: 1
--- !u!4 &5810649822129368125
Transform:
  m_ObjectHideFlags: 0
  m_CorrespondingSourceObject: {fileID: 0}
  m_PrefabInstance: {fileID: 0}
  m_PrefabAsset: {fileID: 0}
  m_GameObject: {fileID: 4697952855869555427}
  m_LocalRotation: {x: 0, y: 0, z: 0, w: 1}
  m_LocalPosition: {x: 0, y: 0, z: 0}
  m_LocalScale: {x: 1, y: 1, z: 1}
  m_Children:
  - {fileID: 8566035434237212492}
  - {fileID: 249717200550376490}
  - {fileID: 249717201134439279}
  - {fileID: 249717200801343502}
  - {fileID: 249717201775604949}
  - {fileID: 249717202019166394}
  - {fileID: 249717201548408891}
  - {fileID: 249717201349790484}
  - {fileID: 249717201567903366}
  - {fileID: 249717202105549942}
  - {fileID: 249717201177778317}
  - {fileID: 249717201465234080}
  - {fileID: 249717201150823533}
  - {fileID: 249717200986368679}
  - {fileID: 249717201972621553}
  - {fileID: 249717201878548777}
  - {fileID: 249717201907784965}
  - {fileID: 249717200459053236}
  - {fileID: 249717202061822330}
  - {fileID: 249717201241636601}
  - {fileID: 249717201299431258}
  - {fileID: 249717202263726991}
  - {fileID: 249717201270191919}
  - {fileID: 8295762454119073443}
  - {fileID: 6615584162475974103}
  - {fileID: 289610010728014197}
  - {fileID: 6049203770282980742}
  - {fileID: 595945303851408161}
  - {fileID: 2328669268844148888}
  - {fileID: 6846006087680913756}
  m_Father: {fileID: 0}
  m_RootOrder: 0
  m_LocalEulerAnglesHint: {x: 0, y: 0, z: 0}
--- !u!1001 &249717201699182530
PrefabInstance:
  m_ObjectHideFlags: 0
  serializedVersion: 2
  m_Modification:
    m_TransformParent: {fileID: 5810649822129368125}
    m_Modifications:
    - target: {fileID: 8473390411665875086, guid: 64f95d00b1d525a41b4637cbd317269a, type: 3}
      propertyPath: m_RootOrder
      value: 0
      objectReference: {fileID: 0}
    - target: {fileID: 8473390411665875086, guid: 64f95d00b1d525a41b4637cbd317269a, type: 3}
      propertyPath: m_LocalPosition.x
      value: -0.24000001
      objectReference: {fileID: 0}
    - target: {fileID: 8473390411665875086, guid: 64f95d00b1d525a41b4637cbd317269a, type: 3}
      propertyPath: m_LocalPosition.y
      value: 1.005
      objectReference: {fileID: 0}
    - target: {fileID: 8473390411665875086, guid: 64f95d00b1d525a41b4637cbd317269a, type: 3}
      propertyPath: m_LocalPosition.z
      value: 0.25699997
      objectReference: {fileID: 0}
    - target: {fileID: 8473390411665875086, guid: 64f95d00b1d525a41b4637cbd317269a, type: 3}
      propertyPath: m_LocalRotation.w
      value: 1
      objectReference: {fileID: 0}
    - target: {fileID: 8473390411665875086, guid: 64f95d00b1d525a41b4637cbd317269a, type: 3}
      propertyPath: m_LocalRotation.x
      value: -0
      objectReference: {fileID: 0}
    - target: {fileID: 8473390411665875086, guid: 64f95d00b1d525a41b4637cbd317269a, type: 3}
      propertyPath: m_LocalRotation.y
      value: -0
      objectReference: {fileID: 0}
    - target: {fileID: 8473390411665875086, guid: 64f95d00b1d525a41b4637cbd317269a, type: 3}
      propertyPath: m_LocalRotation.z
      value: -0
      objectReference: {fileID: 0}
    - target: {fileID: 8473390411665875086, guid: 64f95d00b1d525a41b4637cbd317269a, type: 3}
      propertyPath: m_LocalEulerAnglesHint.x
      value: 0
      objectReference: {fileID: 0}
    - target: {fileID: 8473390411665875086, guid: 64f95d00b1d525a41b4637cbd317269a, type: 3}
      propertyPath: m_LocalEulerAnglesHint.y
      value: 0
      objectReference: {fileID: 0}
    - target: {fileID: 8473390411665875086, guid: 64f95d00b1d525a41b4637cbd317269a, type: 3}
      propertyPath: m_LocalEulerAnglesHint.z
      value: 0
      objectReference: {fileID: 0}
    - target: {fileID: 8473390411665875087, guid: 64f95d00b1d525a41b4637cbd317269a, type: 3}
      propertyPath: m_Name
      value: SunSensor
      objectReference: {fileID: 0}
    m_RemovedComponents: []
  m_SourcePrefab: {fileID: 100100000, guid: 64f95d00b1d525a41b4637cbd317269a, type: 3}
--- !u!4 &8566035434237212492 stripped
Transform:
  m_CorrespondingSourceObject: {fileID: 8473390411665875086, guid: 64f95d00b1d525a41b4637cbd317269a, type: 3}
  m_PrefabInstance: {fileID: 249717201699182530}
  m_PrefabAsset: {fileID: 0}
--- !u!1001 &484119714310776365
PrefabInstance:
  m_ObjectHideFlags: 0
  serializedVersion: 2
  m_Modification:
    m_TransformParent: {fileID: 5810649822129368125}
    m_Modifications:
    - target: {fileID: 8473390411665875086, guid: 64f95d00b1d525a41b4637cbd317269a, type: 3}
      propertyPath: m_RootOrder
      value: 23
      objectReference: {fileID: 0}
    - target: {fileID: 8473390411665875086, guid: 64f95d00b1d525a41b4637cbd317269a, type: 3}
      propertyPath: m_LocalPosition.x
      value: -0.15500003
      objectReference: {fileID: 0}
    - target: {fileID: 8473390411665875086, guid: 64f95d00b1d525a41b4637cbd317269a, type: 3}
      propertyPath: m_LocalPosition.y
      value: 1.154
      objectReference: {fileID: 0}
    - target: {fileID: 8473390411665875086, guid: 64f95d00b1d525a41b4637cbd317269a, type: 3}
      propertyPath: m_LocalPosition.z
      value: 0.288
      objectReference: {fileID: 0}
    - target: {fileID: 8473390411665875086, guid: 64f95d00b1d525a41b4637cbd317269a, type: 3}
      propertyPath: m_LocalRotation.w
      value: 1
      objectReference: {fileID: 0}
    - target: {fileID: 8473390411665875086, guid: 64f95d00b1d525a41b4637cbd317269a, type: 3}
      propertyPath: m_LocalRotation.x
      value: -0
      objectReference: {fileID: 0}
    - target: {fileID: 8473390411665875086, guid: 64f95d00b1d525a41b4637cbd317269a, type: 3}
      propertyPath: m_LocalRotation.y
      value: -0
      objectReference: {fileID: 0}
    - target: {fileID: 8473390411665875086, guid: 64f95d00b1d525a41b4637cbd317269a, type: 3}
      propertyPath: m_LocalRotation.z
      value: -0
      objectReference: {fileID: 0}
    - target: {fileID: 8473390411665875086, guid: 64f95d00b1d525a41b4637cbd317269a, type: 3}
      propertyPath: m_LocalEulerAnglesHint.x
      value: 0
      objectReference: {fileID: 0}
    - target: {fileID: 8473390411665875086, guid: 64f95d00b1d525a41b4637cbd317269a, type: 3}
      propertyPath: m_LocalEulerAnglesHint.y
      value: 0
      objectReference: {fileID: 0}
    - target: {fileID: 8473390411665875086, guid: 64f95d00b1d525a41b4637cbd317269a, type: 3}
      propertyPath: m_LocalEulerAnglesHint.z
      value: 0
      objectReference: {fileID: 0}
    - target: {fileID: 8473390411665875087, guid: 64f95d00b1d525a41b4637cbd317269a, type: 3}
      propertyPath: m_Name
      value: SunSensor (24)
      objectReference: {fileID: 0}
    m_RemovedComponents: []
  m_SourcePrefab: {fileID: 100100000, guid: 64f95d00b1d525a41b4637cbd317269a, type: 3}
--- !u!4 &8295762454119073443 stripped
Transform:
  m_CorrespondingSourceObject: {fileID: 8473390411665875086, guid: 64f95d00b1d525a41b4637cbd317269a, type: 3}
  m_PrefabInstance: {fileID: 484119714310776365}
  m_PrefabAsset: {fileID: 0}
--- !u!1001 &2766495947362931976
PrefabInstance:
  m_ObjectHideFlags: 0
  serializedVersion: 2
  m_Modification:
    m_TransformParent: {fileID: 5810649822129368125}
    m_Modifications:
    - target: {fileID: 8473390411665875086, guid: 64f95d00b1d525a41b4637cbd317269a, type: 3}
      propertyPath: m_RootOrder
      value: 26
      objectReference: {fileID: 0}
    - target: {fileID: 8473390411665875086, guid: 64f95d00b1d525a41b4637cbd317269a, type: 3}
      propertyPath: m_LocalPosition.x
      value: -0.31078807
      objectReference: {fileID: 0}
    - target: {fileID: 8473390411665875086, guid: 64f95d00b1d525a41b4637cbd317269a, type: 3}
      propertyPath: m_LocalPosition.y
      value: 0.6999
      objectReference: {fileID: 0}
    - target: {fileID: 8473390411665875086, guid: 64f95d00b1d525a41b4637cbd317269a, type: 3}
      propertyPath: m_LocalPosition.z
      value: 0.33937314
      objectReference: {fileID: 0}
    - target: {fileID: 8473390411665875086, guid: 64f95d00b1d525a41b4637cbd317269a, type: 3}
      propertyPath: m_LocalRotation.w
      value: 0.9360081
      objectReference: {fileID: 0}
    - target: {fileID: 8473390411665875086, guid: 64f95d00b1d525a41b4637cbd317269a, type: 3}
      propertyPath: m_LocalRotation.x
      value: -0
      objectReference: {fileID: 0}
    - target: {fileID: 8473390411665875086, guid: 64f95d00b1d525a41b4637cbd317269a, type: 3}
      propertyPath: m_LocalRotation.y
      value: -0.35197866
      objectReference: {fileID: 0}
    - target: {fileID: 8473390411665875086, guid: 64f95d00b1d525a41b4637cbd317269a, type: 3}
      propertyPath: m_LocalRotation.z
      value: -0
      objectReference: {fileID: 0}
    - target: {fileID: 8473390411665875086, guid: 64f95d00b1d525a41b4637cbd317269a, type: 3}
      propertyPath: m_LocalEulerAnglesHint.x
      value: 0
      objectReference: {fileID: 0}
    - target: {fileID: 8473390411665875086, guid: 64f95d00b1d525a41b4637cbd317269a, type: 3}
      propertyPath: m_LocalEulerAnglesHint.y
      value: -41.217
      objectReference: {fileID: 0}
    - target: {fileID: 8473390411665875086, guid: 64f95d00b1d525a41b4637cbd317269a, type: 3}
      propertyPath: m_LocalEulerAnglesHint.z
      value: 0
      objectReference: {fileID: 0}
    - target: {fileID: 8473390411665875087, guid: 64f95d00b1d525a41b4637cbd317269a, type: 3}
      propertyPath: m_Name
      value: SunSensor (20)
      objectReference: {fileID: 0}
    m_RemovedComponents: []
  m_SourcePrefab: {fileID: 100100000, guid: 64f95d00b1d525a41b4637cbd317269a, type: 3}
--- !u!4 &6049203770282980742 stripped
Transform:
  m_CorrespondingSourceObject: {fileID: 8473390411665875086, guid: 64f95d00b1d525a41b4637cbd317269a, type: 3}
  m_PrefabInstance: {fileID: 2766495947362931976}
  m_PrefabAsset: {fileID: 0}
--- !u!1001 &3068747865039458770
PrefabInstance:
  m_ObjectHideFlags: 0
  serializedVersion: 2
  m_Modification:
    m_TransformParent: {fileID: 5810649822129368125}
    m_Modifications:
    - target: {fileID: 8473390411665875086, guid: 64f95d00b1d525a41b4637cbd317269a, type: 3}
      propertyPath: m_RootOrder
      value: 29
      objectReference: {fileID: 0}
    - target: {fileID: 8473390411665875086, guid: 64f95d00b1d525a41b4637cbd317269a, type: 3}
      propertyPath: m_LocalPosition.x
      value: 0.181
      objectReference: {fileID: 0}
    - target: {fileID: 8473390411665875086, guid: 64f95d00b1d525a41b4637cbd317269a, type: 3}
      propertyPath: m_LocalPosition.y
      value: 0.7009
      objectReference: {fileID: 0}
    - target: {fileID: 8473390411665875086, guid: 64f95d00b1d525a41b4637cbd317269a, type: 3}
      propertyPath: m_LocalPosition.z
      value: 0.28
      objectReference: {fileID: 0}
    - target: {fileID: 8473390411665875086, guid: 64f95d00b1d525a41b4637cbd317269a, type: 3}
      propertyPath: m_LocalRotation.w
      value: 0.96676123
      objectReference: {fileID: 0}
    - target: {fileID: 8473390411665875086, guid: 64f95d00b1d525a41b4637cbd317269a, type: 3}
      propertyPath: m_LocalRotation.x
      value: -0
      objectReference: {fileID: 0}
    - target: {fileID: 8473390411665875086, guid: 64f95d00b1d525a41b4637cbd317269a, type: 3}
      propertyPath: m_LocalRotation.y
      value: 0.25568122
      objectReference: {fileID: 0}
    - target: {fileID: 8473390411665875086, guid: 64f95d00b1d525a41b4637cbd317269a, type: 3}
      propertyPath: m_LocalRotation.z
      value: -0
      objectReference: {fileID: 0}
    - target: {fileID: 8473390411665875086, guid: 64f95d00b1d525a41b4637cbd317269a, type: 3}
      propertyPath: m_LocalEulerAnglesHint.x
      value: 0
      objectReference: {fileID: 0}
    - target: {fileID: 8473390411665875086, guid: 64f95d00b1d525a41b4637cbd317269a, type: 3}
      propertyPath: m_LocalEulerAnglesHint.y
      value: 29.628
      objectReference: {fileID: 0}
    - target: {fileID: 8473390411665875086, guid: 64f95d00b1d525a41b4637cbd317269a, type: 3}
      propertyPath: m_LocalEulerAnglesHint.z
      value: 0
      objectReference: {fileID: 0}
    - target: {fileID: 8473390411665875087, guid: 64f95d00b1d525a41b4637cbd317269a, type: 3}
      propertyPath: m_Name
      value: SunSensor (29)
      objectReference: {fileID: 0}
    m_RemovedComponents: []
  m_SourcePrefab: {fileID: 100100000, guid: 64f95d00b1d525a41b4637cbd317269a, type: 3}
--- !u!4 &6846006087680913756 stripped
Transform:
  m_CorrespondingSourceObject: {fileID: 8473390411665875086, guid: 64f95d00b1d525a41b4637cbd317269a, type: 3}
  m_PrefabInstance: {fileID: 3068747865039458770}
  m_PrefabAsset: {fileID: 0}
--- !u!1001 &3339631405819706713
PrefabInstance:
  m_ObjectHideFlags: 0
  serializedVersion: 2
  m_Modification:
    m_TransformParent: {fileID: 5810649822129368125}
    m_Modifications:
    - target: {fileID: 8473390411665875086, guid: 64f95d00b1d525a41b4637cbd317269a, type: 3}
      propertyPath: m_RootOrder
      value: 24
      objectReference: {fileID: 0}
    - target: {fileID: 8473390411665875086, guid: 64f95d00b1d525a41b4637cbd317269a, type: 3}
      propertyPath: m_LocalPosition.x
      value: 0.0010000467
      objectReference: {fileID: 0}
    - target: {fileID: 8473390411665875086, guid: 64f95d00b1d525a41b4637cbd317269a, type: 3}
      propertyPath: m_LocalPosition.y
      value: 1.1530001
      objectReference: {fileID: 0}
    - target: {fileID: 8473390411665875086, guid: 64f95d00b1d525a41b4637cbd317269a, type: 3}
      propertyPath: m_LocalPosition.z
      value: 0.288
      objectReference: {fileID: 0}
    - target: {fileID: 8473390411665875086, guid: 64f95d00b1d525a41b4637cbd317269a, type: 3}
      propertyPath: m_LocalRotation.w
      value: 1
      objectReference: {fileID: 0}
    - target: {fileID: 8473390411665875086, guid: 64f95d00b1d525a41b4637cbd317269a, type: 3}
      propertyPath: m_LocalRotation.x
      value: -0
      objectReference: {fileID: 0}
    - target: {fileID: 8473390411665875086, guid: 64f95d00b1d525a41b4637cbd317269a, type: 3}
      propertyPath: m_LocalRotation.y
      value: -0
      objectReference: {fileID: 0}
    - target: {fileID: 8473390411665875086, guid: 64f95d00b1d525a41b4637cbd317269a, type: 3}
      propertyPath: m_LocalRotation.z
      value: -0
      objectReference: {fileID: 0}
    - target: {fileID: 8473390411665875086, guid: 64f95d00b1d525a41b4637cbd317269a, type: 3}
      propertyPath: m_LocalEulerAnglesHint.x
      value: 0
      objectReference: {fileID: 0}
    - target: {fileID: 8473390411665875086, guid: 64f95d00b1d525a41b4637cbd317269a, type: 3}
      propertyPath: m_LocalEulerAnglesHint.y
      value: 0
      objectReference: {fileID: 0}
    - target: {fileID: 8473390411665875086, guid: 64f95d00b1d525a41b4637cbd317269a, type: 3}
      propertyPath: m_LocalEulerAnglesHint.z
      value: 0
      objectReference: {fileID: 0}
    - target: {fileID: 8473390411665875087, guid: 64f95d00b1d525a41b4637cbd317269a, type: 3}
      propertyPath: m_Name
      value: SunSensor (25)
      objectReference: {fileID: 0}
    m_RemovedComponents: []
  m_SourcePrefab: {fileID: 100100000, guid: 64f95d00b1d525a41b4637cbd317269a, type: 3}
--- !u!4 &6615584162475974103 stripped
Transform:
  m_CorrespondingSourceObject: {fileID: 8473390411665875086, guid: 64f95d00b1d525a41b4637cbd317269a, type: 3}
  m_PrefabInstance: {fileID: 3339631405819706713}
  m_PrefabAsset: {fileID: 0}
--- !u!1001 &6180803407899088918
PrefabInstance:
  m_ObjectHideFlags: 0
  serializedVersion: 2
  m_Modification:
    m_TransformParent: {fileID: 5810649822129368125}
    m_Modifications:
    - target: {fileID: 8473390411665875086, guid: 64f95d00b1d525a41b4637cbd317269a, type: 3}
      propertyPath: m_RootOrder
      value: 28
      objectReference: {fileID: 0}
    - target: {fileID: 8473390411665875086, guid: 64f95d00b1d525a41b4637cbd317269a, type: 3}
      propertyPath: m_LocalPosition.x
      value: 0.03700006
      objectReference: {fileID: 0}
    - target: {fileID: 8473390411665875086, guid: 64f95d00b1d525a41b4637cbd317269a, type: 3}
      propertyPath: m_LocalPosition.y
      value: 0.6999
      objectReference: {fileID: 0}
    - target: {fileID: 8473390411665875086, guid: 64f95d00b1d525a41b4637cbd317269a, type: 3}
      propertyPath: m_LocalPosition.z
      value: 0.34099996
      objectReference: {fileID: 0}
    - target: {fileID: 8473390411665875086, guid: 64f95d00b1d525a41b4637cbd317269a, type: 3}
      propertyPath: m_LocalRotation.w
      value: 1
      objectReference: {fileID: 0}
    - target: {fileID: 8473390411665875086, guid: 64f95d00b1d525a41b4637cbd317269a, type: 3}
      propertyPath: m_LocalRotation.x
      value: -0
      objectReference: {fileID: 0}
    - target: {fileID: 8473390411665875086, guid: 64f95d00b1d525a41b4637cbd317269a, type: 3}
      propertyPath: m_LocalRotation.y
      value: -0
      objectReference: {fileID: 0}
    - target: {fileID: 8473390411665875086, guid: 64f95d00b1d525a41b4637cbd317269a, type: 3}
      propertyPath: m_LocalRotation.z
      value: -0
      objectReference: {fileID: 0}
    - target: {fileID: 8473390411665875086, guid: 64f95d00b1d525a41b4637cbd317269a, type: 3}
      propertyPath: m_LocalEulerAnglesHint.x
      value: 0
      objectReference: {fileID: 0}
    - target: {fileID: 8473390411665875086, guid: 64f95d00b1d525a41b4637cbd317269a, type: 3}
      propertyPath: m_LocalEulerAnglesHint.y
      value: 0
      objectReference: {fileID: 0}
    - target: {fileID: 8473390411665875086, guid: 64f95d00b1d525a41b4637cbd317269a, type: 3}
      propertyPath: m_LocalEulerAnglesHint.z
      value: 0
      objectReference: {fileID: 0}
    - target: {fileID: 8473390411665875087, guid: 64f95d00b1d525a41b4637cbd317269a, type: 3}
      propertyPath: m_Name
      value: SunSensor (28)
      objectReference: {fileID: 0}
    m_RemovedComponents: []
  m_SourcePrefab: {fileID: 100100000, guid: 64f95d00b1d525a41b4637cbd317269a, type: 3}
--- !u!4 &2328669268844148888 stripped
Transform:
  m_CorrespondingSourceObject: {fileID: 8473390411665875086, guid: 64f95d00b1d525a41b4637cbd317269a, type: 3}
  m_PrefabInstance: {fileID: 6180803407899088918}
  m_PrefabAsset: {fileID: 0}
--- !u!1001 &8183992057071436283
PrefabInstance:
  m_ObjectHideFlags: 0
  serializedVersion: 2
  m_Modification:
    m_TransformParent: {fileID: 5810649822129368125}
    m_Modifications:
    - target: {fileID: 8473390411665875086, guid: 64f95d00b1d525a41b4637cbd317269a, type: 3}
      propertyPath: m_RootOrder
      value: 25
      objectReference: {fileID: 0}
    - target: {fileID: 8473390411665875086, guid: 64f95d00b1d525a41b4637cbd317269a, type: 3}
      propertyPath: m_LocalPosition.x
      value: 0.123
      objectReference: {fileID: 0}
    - target: {fileID: 8473390411665875086, guid: 64f95d00b1d525a41b4637cbd317269a, type: 3}
      propertyPath: m_LocalPosition.y
      value: 1.154
      objectReference: {fileID: 0}
    - target: {fileID: 8473390411665875086, guid: 64f95d00b1d525a41b4637cbd317269a, type: 3}
      propertyPath: m_LocalPosition.z
      value: 0.252
      objectReference: {fileID: 0}
    - target: {fileID: 8473390411665875086, guid: 64f95d00b1d525a41b4637cbd317269a, type: 3}
      propertyPath: m_LocalRotation.w
      value: 0.96676123
      objectReference: {fileID: 0}
    - target: {fileID: 8473390411665875086, guid: 64f95d00b1d525a41b4637cbd317269a, type: 3}
      propertyPath: m_LocalRotation.x
      value: -0
      objectReference: {fileID: 0}
    - target: {fileID: 8473390411665875086, guid: 64f95d00b1d525a41b4637cbd317269a, type: 3}
      propertyPath: m_LocalRotation.y
      value: 0.25568122
      objectReference: {fileID: 0}
    - target: {fileID: 8473390411665875086, guid: 64f95d00b1d525a41b4637cbd317269a, type: 3}
      propertyPath: m_LocalRotation.z
      value: -0
      objectReference: {fileID: 0}
    - target: {fileID: 8473390411665875086, guid: 64f95d00b1d525a41b4637cbd317269a, type: 3}
      propertyPath: m_LocalEulerAnglesHint.x
      value: 0
      objectReference: {fileID: 0}
    - target: {fileID: 8473390411665875086, guid: 64f95d00b1d525a41b4637cbd317269a, type: 3}
      propertyPath: m_LocalEulerAnglesHint.y
      value: 29.628
      objectReference: {fileID: 0}
    - target: {fileID: 8473390411665875086, guid: 64f95d00b1d525a41b4637cbd317269a, type: 3}
      propertyPath: m_LocalEulerAnglesHint.z
      value: 0
      objectReference: {fileID: 0}
    - target: {fileID: 8473390411665875087, guid: 64f95d00b1d525a41b4637cbd317269a, type: 3}
      propertyPath: m_Name
      value: SunSensor (26)
      objectReference: {fileID: 0}
    m_RemovedComponents: []
  m_SourcePrefab: {fileID: 100100000, guid: 64f95d00b1d525a41b4637cbd317269a, type: 3}
--- !u!4 &289610010728014197 stripped
Transform:
  m_CorrespondingSourceObject: {fileID: 8473390411665875086, guid: 64f95d00b1d525a41b4637cbd317269a, type: 3}
  m_PrefabInstance: {fileID: 8183992057071436283}
  m_PrefabAsset: {fileID: 0}
--- !u!1001 &8566035433676372737
PrefabInstance:
  m_ObjectHideFlags: 0
  serializedVersion: 2
  m_Modification:
    m_TransformParent: {fileID: 5810649822129368125}
    m_Modifications:
    - target: {fileID: 8473390411665875086, guid: 64f95d00b1d525a41b4637cbd317269a, type: 3}
      propertyPath: m_RootOrder
      value: 21
      objectReference: {fileID: 0}
    - target: {fileID: 8473390411665875086, guid: 64f95d00b1d525a41b4637cbd317269a, type: 3}
      propertyPath: m_LocalPosition.x
      value: 0.0010000467
      objectReference: {fileID: 0}
    - target: {fileID: 8473390411665875086, guid: 64f95d00b1d525a41b4637cbd317269a, type: 3}
      propertyPath: m_LocalPosition.y
      value: 1.339
      objectReference: {fileID: 0}
    - target: {fileID: 8473390411665875086, guid: 64f95d00b1d525a41b4637cbd317269a, type: 3}
      propertyPath: m_LocalPosition.z
      value: 0.288
      objectReference: {fileID: 0}
    - target: {fileID: 8473390411665875086, guid: 64f95d00b1d525a41b4637cbd317269a, type: 3}
      propertyPath: m_LocalRotation.w
      value: 1
      objectReference: {fileID: 0}
    - target: {fileID: 8473390411665875086, guid: 64f95d00b1d525a41b4637cbd317269a, type: 3}
      propertyPath: m_LocalRotation.x
      value: -0
      objectReference: {fileID: 0}
    - target: {fileID: 8473390411665875086, guid: 64f95d00b1d525a41b4637cbd317269a, type: 3}
      propertyPath: m_LocalRotation.y
      value: -0
      objectReference: {fileID: 0}
    - target: {fileID: 8473390411665875086, guid: 64f95d00b1d525a41b4637cbd317269a, type: 3}
      propertyPath: m_LocalRotation.z
      value: -0
      objectReference: {fileID: 0}
    - target: {fileID: 8473390411665875086, guid: 64f95d00b1d525a41b4637cbd317269a, type: 3}
      propertyPath: m_LocalEulerAnglesHint.x
      value: 0
      objectReference: {fileID: 0}
    - target: {fileID: 8473390411665875086, guid: 64f95d00b1d525a41b4637cbd317269a, type: 3}
      propertyPath: m_LocalEulerAnglesHint.y
      value: 0
      objectReference: {fileID: 0}
    - target: {fileID: 8473390411665875086, guid: 64f95d00b1d525a41b4637cbd317269a, type: 3}
      propertyPath: m_LocalEulerAnglesHint.z
      value: 0
      objectReference: {fileID: 0}
    - target: {fileID: 8473390411665875087, guid: 64f95d00b1d525a41b4637cbd317269a, type: 3}
      propertyPath: m_Name
      value: SunSensor (22)
      objectReference: {fileID: 0}
    m_RemovedComponents: []
  m_SourcePrefab: {fileID: 100100000, guid: 64f95d00b1d525a41b4637cbd317269a, type: 3}
--- !u!4 &249717202263726991 stripped
Transform:
  m_CorrespondingSourceObject: {fileID: 8473390411665875086, guid: 64f95d00b1d525a41b4637cbd317269a, type: 3}
  m_PrefabInstance: {fileID: 8566035433676372737}
  m_PrefabAsset: {fileID: 0}
--- !u!1001 &8566035433744017908
PrefabInstance:
  m_ObjectHideFlags: 0
  serializedVersion: 2
  m_Modification:
    m_TransformParent: {fileID: 5810649822129368125}
    m_Modifications:
    - target: {fileID: 8473390411665875086, guid: 64f95d00b1d525a41b4637cbd317269a, type: 3}
      propertyPath: m_RootOrder
      value: 18
      objectReference: {fileID: 0}
    - target: {fileID: 8473390411665875086, guid: 64f95d00b1d525a41b4637cbd317269a, type: 3}
      propertyPath: m_LocalPosition.x
      value: 0.03700006
      objectReference: {fileID: 0}
    - target: {fileID: 8473390411665875086, guid: 64f95d00b1d525a41b4637cbd317269a, type: 3}
      propertyPath: m_LocalPosition.y
      value: 0.272
      objectReference: {fileID: 0}
    - target: {fileID: 8473390411665875086, guid: 64f95d00b1d525a41b4637cbd317269a, type: 3}
      propertyPath: m_LocalPosition.z
      value: 0.45700002
      objectReference: {fileID: 0}
    - target: {fileID: 8473390411665875086, guid: 64f95d00b1d525a41b4637cbd317269a, type: 3}
      propertyPath: m_LocalRotation.w
      value: 1
      objectReference: {fileID: 0}
    - target: {fileID: 8473390411665875086, guid: 64f95d00b1d525a41b4637cbd317269a, type: 3}
      propertyPath: m_LocalRotation.x
      value: -0
      objectReference: {fileID: 0}
    - target: {fileID: 8473390411665875086, guid: 64f95d00b1d525a41b4637cbd317269a, type: 3}
      propertyPath: m_LocalRotation.y
      value: -0
      objectReference: {fileID: 0}
    - target: {fileID: 8473390411665875086, guid: 64f95d00b1d525a41b4637cbd317269a, type: 3}
      propertyPath: m_LocalRotation.z
      value: -0
      objectReference: {fileID: 0}
    - target: {fileID: 8473390411665875086, guid: 64f95d00b1d525a41b4637cbd317269a, type: 3}
      propertyPath: m_LocalEulerAnglesHint.x
      value: 0
      objectReference: {fileID: 0}
    - target: {fileID: 8473390411665875086, guid: 64f95d00b1d525a41b4637cbd317269a, type: 3}
      propertyPath: m_LocalEulerAnglesHint.y
      value: 0
      objectReference: {fileID: 0}
    - target: {fileID: 8473390411665875086, guid: 64f95d00b1d525a41b4637cbd317269a, type: 3}
      propertyPath: m_LocalEulerAnglesHint.z
      value: 0
      objectReference: {fileID: 0}
    - target: {fileID: 8473390411665875087, guid: 64f95d00b1d525a41b4637cbd317269a, type: 3}
      propertyPath: m_Name
      value: SunSensor (18)
      objectReference: {fileID: 0}
    m_RemovedComponents: []
  m_SourcePrefab: {fileID: 100100000, guid: 64f95d00b1d525a41b4637cbd317269a, type: 3}
--- !u!4 &249717202061822330 stripped
Transform:
  m_CorrespondingSourceObject: {fileID: 8473390411665875086, guid: 64f95d00b1d525a41b4637cbd317269a, type: 3}
  m_PrefabInstance: {fileID: 8566035433744017908}
  m_PrefabAsset: {fileID: 0}
--- !u!1001 &8566035433751021620
PrefabInstance:
  m_ObjectHideFlags: 0
  serializedVersion: 2
  m_Modification:
    m_TransformParent: {fileID: 5810649822129368125}
    m_Modifications:
    - target: {fileID: 8473390411665875086, guid: 64f95d00b1d525a41b4637cbd317269a, type: 3}
      propertyPath: m_RootOrder
      value: 5
      objectReference: {fileID: 0}
    - target: {fileID: 8473390411665875086, guid: 64f95d00b1d525a41b4637cbd317269a, type: 3}
      propertyPath: m_LocalPosition.x
      value: -0.11900002
      objectReference: {fileID: 0}
    - target: {fileID: 8473390411665875086, guid: 64f95d00b1d525a41b4637cbd317269a, type: 3}
      propertyPath: m_LocalPosition.y
      value: 0.854
      objectReference: {fileID: 0}
    - target: {fileID: 8473390411665875086, guid: 64f95d00b1d525a41b4637cbd317269a, type: 3}
      propertyPath: m_LocalPosition.z
      value: 0.273
      objectReference: {fileID: 0}
    - target: {fileID: 8473390411665875086, guid: 64f95d00b1d525a41b4637cbd317269a, type: 3}
      propertyPath: m_LocalRotation.w
      value: 1
      objectReference: {fileID: 0}
    - target: {fileID: 8473390411665875086, guid: 64f95d00b1d525a41b4637cbd317269a, type: 3}
      propertyPath: m_LocalRotation.x
      value: -0
      objectReference: {fileID: 0}
    - target: {fileID: 8473390411665875086, guid: 64f95d00b1d525a41b4637cbd317269a, type: 3}
      propertyPath: m_LocalRotation.y
      value: -0
      objectReference: {fileID: 0}
    - target: {fileID: 8473390411665875086, guid: 64f95d00b1d525a41b4637cbd317269a, type: 3}
      propertyPath: m_LocalRotation.z
      value: -0
      objectReference: {fileID: 0}
    - target: {fileID: 8473390411665875086, guid: 64f95d00b1d525a41b4637cbd317269a, type: 3}
      propertyPath: m_LocalEulerAnglesHint.x
      value: 0
      objectReference: {fileID: 0}
    - target: {fileID: 8473390411665875086, guid: 64f95d00b1d525a41b4637cbd317269a, type: 3}
      propertyPath: m_LocalEulerAnglesHint.y
      value: 0
      objectReference: {fileID: 0}
    - target: {fileID: 8473390411665875086, guid: 64f95d00b1d525a41b4637cbd317269a, type: 3}
      propertyPath: m_LocalEulerAnglesHint.z
      value: 0
      objectReference: {fileID: 0}
    - target: {fileID: 8473390411665875087, guid: 64f95d00b1d525a41b4637cbd317269a, type: 3}
      propertyPath: m_Name
      value: SunSensor (5)
      objectReference: {fileID: 0}
    m_RemovedComponents: []
  m_SourcePrefab: {fileID: 100100000, guid: 64f95d00b1d525a41b4637cbd317269a, type: 3}
--- !u!4 &249717202019166394 stripped
Transform:
  m_CorrespondingSourceObject: {fileID: 8473390411665875086, guid: 64f95d00b1d525a41b4637cbd317269a, type: 3}
  m_PrefabInstance: {fileID: 8566035433751021620}
  m_PrefabAsset: {fileID: 0}
--- !u!1001 &8566035433837159672
PrefabInstance:
  m_ObjectHideFlags: 0
  serializedVersion: 2
  m_Modification:
    m_TransformParent: {fileID: 5810649822129368125}
    m_Modifications:
    - target: {fileID: 8473390411665875086, guid: 64f95d00b1d525a41b4637cbd317269a, type: 3}
      propertyPath: m_RootOrder
      value: 9
      objectReference: {fileID: 0}
    - target: {fileID: 8473390411665875086, guid: 64f95d00b1d525a41b4637cbd317269a, type: 3}
      propertyPath: m_LocalPosition.x
      value: -0.11900002
      objectReference: {fileID: 0}
    - target: {fileID: 8473390411665875086, guid: 64f95d00b1d525a41b4637cbd317269a, type: 3}
      propertyPath: m_LocalPosition.y
      value: 0.58
      objectReference: {fileID: 0}
    - target: {fileID: 8473390411665875086, guid: 64f95d00b1d525a41b4637cbd317269a, type: 3}
      propertyPath: m_LocalPosition.z
      value: 0.35899997
      objectReference: {fileID: 0}
    - target: {fileID: 8473390411665875086, guid: 64f95d00b1d525a41b4637cbd317269a, type: 3}
      propertyPath: m_LocalRotation.w
      value: 1
      objectReference: {fileID: 0}
    - target: {fileID: 8473390411665875086, guid: 64f95d00b1d525a41b4637cbd317269a, type: 3}
      propertyPath: m_LocalRotation.x
      value: -0
      objectReference: {fileID: 0}
    - target: {fileID: 8473390411665875086, guid: 64f95d00b1d525a41b4637cbd317269a, type: 3}
      propertyPath: m_LocalRotation.y
      value: -0
      objectReference: {fileID: 0}
    - target: {fileID: 8473390411665875086, guid: 64f95d00b1d525a41b4637cbd317269a, type: 3}
      propertyPath: m_LocalRotation.z
      value: -0
      objectReference: {fileID: 0}
    - target: {fileID: 8473390411665875086, guid: 64f95d00b1d525a41b4637cbd317269a, type: 3}
      propertyPath: m_LocalEulerAnglesHint.x
      value: 0
      objectReference: {fileID: 0}
    - target: {fileID: 8473390411665875086, guid: 64f95d00b1d525a41b4637cbd317269a, type: 3}
      propertyPath: m_LocalEulerAnglesHint.y
      value: 0
      objectReference: {fileID: 0}
    - target: {fileID: 8473390411665875086, guid: 64f95d00b1d525a41b4637cbd317269a, type: 3}
      propertyPath: m_LocalEulerAnglesHint.z
      value: 0
      objectReference: {fileID: 0}
    - target: {fileID: 8473390411665875087, guid: 64f95d00b1d525a41b4637cbd317269a, type: 3}
      propertyPath: m_Name
      value: SunSensor (9)
      objectReference: {fileID: 0}
    m_RemovedComponents: []
  m_SourcePrefab: {fileID: 100100000, guid: 64f95d00b1d525a41b4637cbd317269a, type: 3}
--- !u!4 &249717202105549942 stripped
Transform:
  m_CorrespondingSourceObject: {fileID: 8473390411665875086, guid: 64f95d00b1d525a41b4637cbd317269a, type: 3}
  m_PrefabInstance: {fileID: 8566035433837159672}
  m_PrefabAsset: {fileID: 0}
--- !u!1001 &8566035433858743691
PrefabInstance:
  m_ObjectHideFlags: 0
  serializedVersion: 2
  m_Modification:
    m_TransformParent: {fileID: 5810649822129368125}
    m_Modifications:
    - target: {fileID: 8473390411665875086, guid: 64f95d00b1d525a41b4637cbd317269a, type: 3}
      propertyPath: m_RootOrder
      value: 16
      objectReference: {fileID: 0}
    - target: {fileID: 8473390411665875086, guid: 64f95d00b1d525a41b4637cbd317269a, type: 3}
      propertyPath: m_LocalPosition.x
      value: -0.38722086
      objectReference: {fileID: 0}
    - target: {fileID: 8473390411665875086, guid: 64f95d00b1d525a41b4637cbd317269a, type: 3}
      propertyPath: m_LocalPosition.y
      value: 0.272
      objectReference: {fileID: 0}
    - target: {fileID: 8473390411665875086, guid: 64f95d00b1d525a41b4637cbd317269a, type: 3}
      propertyPath: m_LocalPosition.z
      value: 0.42663175
      objectReference: {fileID: 0}
    - target: {fileID: 8473390411665875086, guid: 64f95d00b1d525a41b4637cbd317269a, type: 3}
      propertyPath: m_LocalRotation.w
      value: 0.9360081
      objectReference: {fileID: 0}
    - target: {fileID: 8473390411665875086, guid: 64f95d00b1d525a41b4637cbd317269a, type: 3}
      propertyPath: m_LocalRotation.x
      value: -0
      objectReference: {fileID: 0}
    - target: {fileID: 8473390411665875086, guid: 64f95d00b1d525a41b4637cbd317269a, type: 3}
      propertyPath: m_LocalRotation.y
      value: -0.35197866
      objectReference: {fileID: 0}
    - target: {fileID: 8473390411665875086, guid: 64f95d00b1d525a41b4637cbd317269a, type: 3}
      propertyPath: m_LocalRotation.z
      value: -0
      objectReference: {fileID: 0}
    - target: {fileID: 8473390411665875086, guid: 64f95d00b1d525a41b4637cbd317269a, type: 3}
      propertyPath: m_LocalEulerAnglesHint.x
      value: 0
      objectReference: {fileID: 0}
    - target: {fileID: 8473390411665875086, guid: 64f95d00b1d525a41b4637cbd317269a, type: 3}
      propertyPath: m_LocalEulerAnglesHint.y
      value: -41.217
      objectReference: {fileID: 0}
    - target: {fileID: 8473390411665875086, guid: 64f95d00b1d525a41b4637cbd317269a, type: 3}
      propertyPath: m_LocalEulerAnglesHint.z
      value: 0
      objectReference: {fileID: 0}
    - target: {fileID: 8473390411665875087, guid: 64f95d00b1d525a41b4637cbd317269a, type: 3}
      propertyPath: m_Name
      value: SunSensor (16)
      objectReference: {fileID: 0}
    m_RemovedComponents: []
  m_SourcePrefab: {fileID: 100100000, guid: 64f95d00b1d525a41b4637cbd317269a, type: 3}
--- !u!4 &249717201907784965 stripped
Transform:
  m_CorrespondingSourceObject: {fileID: 8473390411665875086, guid: 64f95d00b1d525a41b4637cbd317269a, type: 3}
  m_PrefabInstance: {fileID: 8566035433858743691}
  m_PrefabAsset: {fileID: 0}
--- !u!1001 &8566035433896354215
PrefabInstance:
  m_ObjectHideFlags: 0
  serializedVersion: 2
  m_Modification:
    m_TransformParent: {fileID: 5810649822129368125}
    m_Modifications:
    - target: {fileID: 8473390411665875086, guid: 64f95d00b1d525a41b4637cbd317269a, type: 3}
      propertyPath: m_RootOrder
      value: 15
      objectReference: {fileID: 0}
    - target: {fileID: 8473390411665875086, guid: 64f95d00b1d525a41b4637cbd317269a, type: 3}
      propertyPath: m_LocalPosition.x
      value: 0.238
      objectReference: {fileID: 0}
    - target: {fileID: 8473390411665875086, guid: 64f95d00b1d525a41b4637cbd317269a, type: 3}
      propertyPath: m_LocalPosition.y
      value: 0.43400005
      objectReference: {fileID: 0}
    - target: {fileID: 8473390411665875086, guid: 64f95d00b1d525a41b4637cbd317269a, type: 3}
      propertyPath: m_LocalPosition.z
      value: 0.381
      objectReference: {fileID: 0}
    - target: {fileID: 8473390411665875086, guid: 64f95d00b1d525a41b4637cbd317269a, type: 3}
      propertyPath: m_LocalRotation.w
      value: 0.96676123
      objectReference: {fileID: 0}
    - target: {fileID: 8473390411665875086, guid: 64f95d00b1d525a41b4637cbd317269a, type: 3}
      propertyPath: m_LocalRotation.x
      value: -0
      objectReference: {fileID: 0}
    - target: {fileID: 8473390411665875086, guid: 64f95d00b1d525a41b4637cbd317269a, type: 3}
      propertyPath: m_LocalRotation.y
      value: 0.25568122
      objectReference: {fileID: 0}
    - target: {fileID: 8473390411665875086, guid: 64f95d00b1d525a41b4637cbd317269a, type: 3}
      propertyPath: m_LocalRotation.z
      value: -0
      objectReference: {fileID: 0}
    - target: {fileID: 8473390411665875086, guid: 64f95d00b1d525a41b4637cbd317269a, type: 3}
      propertyPath: m_LocalEulerAnglesHint.x
      value: 0
      objectReference: {fileID: 0}
    - target: {fileID: 8473390411665875086, guid: 64f95d00b1d525a41b4637cbd317269a, type: 3}
      propertyPath: m_LocalEulerAnglesHint.y
      value: 29.628
      objectReference: {fileID: 0}
    - target: {fileID: 8473390411665875086, guid: 64f95d00b1d525a41b4637cbd317269a, type: 3}
      propertyPath: m_LocalEulerAnglesHint.z
      value: 0
      objectReference: {fileID: 0}
    - target: {fileID: 8473390411665875087, guid: 64f95d00b1d525a41b4637cbd317269a, type: 3}
      propertyPath: m_Name
      value: SunSensor (15)
      objectReference: {fileID: 0}
    m_RemovedComponents: []
  m_SourcePrefab: {fileID: 100100000, guid: 64f95d00b1d525a41b4637cbd317269a, type: 3}
--- !u!4 &249717201878548777 stripped
Transform:
  m_CorrespondingSourceObject: {fileID: 8473390411665875086, guid: 64f95d00b1d525a41b4637cbd317269a, type: 3}
  m_PrefabInstance: {fileID: 8566035433896354215}
  m_PrefabAsset: {fileID: 0}
--- !u!1001 &8566035433973764223
PrefabInstance:
  m_ObjectHideFlags: 0
  serializedVersion: 2
  m_Modification:
    m_TransformParent: {fileID: 5810649822129368125}
    m_Modifications:
    - target: {fileID: 8473390411665875086, guid: 64f95d00b1d525a41b4637cbd317269a, type: 3}
      propertyPath: m_RootOrder
      value: 14
      objectReference: {fileID: 0}
    - target: {fileID: 8473390411665875086, guid: 64f95d00b1d525a41b4637cbd317269a, type: 3}
      propertyPath: m_LocalPosition.x
      value: 0.03700006
      objectReference: {fileID: 0}
    - target: {fileID: 8473390411665875086, guid: 64f95d00b1d525a41b4637cbd317269a, type: 3}
      propertyPath: m_LocalPosition.y
      value: 0.433
      objectReference: {fileID: 0}
    - target: {fileID: 8473390411665875086, guid: 64f95d00b1d525a41b4637cbd317269a, type: 3}
      propertyPath: m_LocalPosition.z
      value: 0.45700002
      objectReference: {fileID: 0}
    - target: {fileID: 8473390411665875086, guid: 64f95d00b1d525a41b4637cbd317269a, type: 3}
      propertyPath: m_LocalRotation.w
      value: 1
      objectReference: {fileID: 0}
    - target: {fileID: 8473390411665875086, guid: 64f95d00b1d525a41b4637cbd317269a, type: 3}
      propertyPath: m_LocalRotation.x
      value: -0
      objectReference: {fileID: 0}
    - target: {fileID: 8473390411665875086, guid: 64f95d00b1d525a41b4637cbd317269a, type: 3}
      propertyPath: m_LocalRotation.y
      value: -0
      objectReference: {fileID: 0}
    - target: {fileID: 8473390411665875086, guid: 64f95d00b1d525a41b4637cbd317269a, type: 3}
      propertyPath: m_LocalRotation.z
      value: -0
      objectReference: {fileID: 0}
    - target: {fileID: 8473390411665875086, guid: 64f95d00b1d525a41b4637cbd317269a, type: 3}
      propertyPath: m_LocalEulerAnglesHint.x
      value: 0
      objectReference: {fileID: 0}
    - target: {fileID: 8473390411665875086, guid: 64f95d00b1d525a41b4637cbd317269a, type: 3}
      propertyPath: m_LocalEulerAnglesHint.y
      value: 0
      objectReference: {fileID: 0}
    - target: {fileID: 8473390411665875086, guid: 64f95d00b1d525a41b4637cbd317269a, type: 3}
      propertyPath: m_LocalEulerAnglesHint.z
      value: 0
      objectReference: {fileID: 0}
    - target: {fileID: 8473390411665875087, guid: 64f95d00b1d525a41b4637cbd317269a, type: 3}
      propertyPath: m_Name
      value: SunSensor (14)
      objectReference: {fileID: 0}
    m_RemovedComponents: []
  m_SourcePrefab: {fileID: 100100000, guid: 64f95d00b1d525a41b4637cbd317269a, type: 3}
--- !u!4 &249717201972621553 stripped
Transform:
  m_CorrespondingSourceObject: {fileID: 8473390411665875086, guid: 64f95d00b1d525a41b4637cbd317269a, type: 3}
  m_PrefabInstance: {fileID: 8566035433973764223}
  m_PrefabAsset: {fileID: 0}
--- !u!1001 &8566035433994589275
PrefabInstance:
  m_ObjectHideFlags: 0
  serializedVersion: 2
  m_Modification:
    m_TransformParent: {fileID: 5810649822129368125}
    m_Modifications:
    - target: {fileID: 8473390411665875086, guid: 64f95d00b1d525a41b4637cbd317269a, type: 3}
      propertyPath: m_RootOrder
      value: 4
      objectReference: {fileID: 0}
    - target: {fileID: 8473390411665875086, guid: 64f95d00b1d525a41b4637cbd317269a, type: 3}
      propertyPath: m_LocalPosition.x
      value: -0.24000001
      objectReference: {fileID: 0}
    - target: {fileID: 8473390411665875086, guid: 64f95d00b1d525a41b4637cbd317269a, type: 3}
      propertyPath: m_LocalPosition.y
      value: 0.8529999
      objectReference: {fileID: 0}
    - target: {fileID: 8473390411665875086, guid: 64f95d00b1d525a41b4637cbd317269a, type: 3}
      propertyPath: m_LocalPosition.z
      value: 0.25699997
      objectReference: {fileID: 0}
    - target: {fileID: 8473390411665875086, guid: 64f95d00b1d525a41b4637cbd317269a, type: 3}
      propertyPath: m_LocalRotation.w
      value: 1
      objectReference: {fileID: 0}
    - target: {fileID: 8473390411665875086, guid: 64f95d00b1d525a41b4637cbd317269a, type: 3}
      propertyPath: m_LocalRotation.x
      value: -0
      objectReference: {fileID: 0}
    - target: {fileID: 8473390411665875086, guid: 64f95d00b1d525a41b4637cbd317269a, type: 3}
      propertyPath: m_LocalRotation.y
      value: -0
      objectReference: {fileID: 0}
    - target: {fileID: 8473390411665875086, guid: 64f95d00b1d525a41b4637cbd317269a, type: 3}
      propertyPath: m_LocalRotation.z
      value: -0
      objectReference: {fileID: 0}
    - target: {fileID: 8473390411665875086, guid: 64f95d00b1d525a41b4637cbd317269a, type: 3}
      propertyPath: m_LocalEulerAnglesHint.x
      value: 0
      objectReference: {fileID: 0}
    - target: {fileID: 8473390411665875086, guid: 64f95d00b1d525a41b4637cbd317269a, type: 3}
      propertyPath: m_LocalEulerAnglesHint.y
      value: 0
      objectReference: {fileID: 0}
    - target: {fileID: 8473390411665875086, guid: 64f95d00b1d525a41b4637cbd317269a, type: 3}
      propertyPath: m_LocalEulerAnglesHint.z
      value: 0
      objectReference: {fileID: 0}
    - target: {fileID: 8473390411665875087, guid: 64f95d00b1d525a41b4637cbd317269a, type: 3}
      propertyPath: m_Name
      value: SunSensor (4)
      objectReference: {fileID: 0}
    m_RemovedComponents: []
  m_SourcePrefab: {fileID: 100100000, guid: 64f95d00b1d525a41b4637cbd317269a, type: 3}
--- !u!4 &249717201775604949 stripped
Transform:
  m_CorrespondingSourceObject: {fileID: 8473390411665875086, guid: 64f95d00b1d525a41b4637cbd317269a, type: 3}
  m_PrefabInstance: {fileID: 8566035433994589275}
  m_PrefabAsset: {fileID: 0}
--- !u!1001 &8566035434353940661
PrefabInstance:
  m_ObjectHideFlags: 0
  serializedVersion: 2
  m_Modification:
    m_TransformParent: {fileID: 5810649822129368125}
    m_Modifications:
    - target: {fileID: 8473390411665875086, guid: 64f95d00b1d525a41b4637cbd317269a, type: 3}
      propertyPath: m_RootOrder
      value: 6
      objectReference: {fileID: 0}
    - target: {fileID: 8473390411665875086, guid: 64f95d00b1d525a41b4637cbd317269a, type: 3}
      propertyPath: m_LocalPosition.x
      value: 0.03700006
      objectReference: {fileID: 0}
    - target: {fileID: 8473390411665875086, guid: 64f95d00b1d525a41b4637cbd317269a, type: 3}
      propertyPath: m_LocalPosition.y
      value: 0.8529999
      objectReference: {fileID: 0}
    - target: {fileID: 8473390411665875086, guid: 64f95d00b1d525a41b4637cbd317269a, type: 3}
      propertyPath: m_LocalPosition.z
      value: 0.273
      objectReference: {fileID: 0}
    - target: {fileID: 8473390411665875086, guid: 64f95d00b1d525a41b4637cbd317269a, type: 3}
      propertyPath: m_LocalRotation.w
      value: 1
      objectReference: {fileID: 0}
    - target: {fileID: 8473390411665875086, guid: 64f95d00b1d525a41b4637cbd317269a, type: 3}
      propertyPath: m_LocalRotation.x
      value: -0
      objectReference: {fileID: 0}
    - target: {fileID: 8473390411665875086, guid: 64f95d00b1d525a41b4637cbd317269a, type: 3}
      propertyPath: m_LocalRotation.y
      value: -0
      objectReference: {fileID: 0}
    - target: {fileID: 8473390411665875086, guid: 64f95d00b1d525a41b4637cbd317269a, type: 3}
      propertyPath: m_LocalRotation.z
      value: -0
      objectReference: {fileID: 0}
    - target: {fileID: 8473390411665875086, guid: 64f95d00b1d525a41b4637cbd317269a, type: 3}
      propertyPath: m_LocalEulerAnglesHint.x
      value: 0
      objectReference: {fileID: 0}
    - target: {fileID: 8473390411665875086, guid: 64f95d00b1d525a41b4637cbd317269a, type: 3}
      propertyPath: m_LocalEulerAnglesHint.y
      value: 0
      objectReference: {fileID: 0}
    - target: {fileID: 8473390411665875086, guid: 64f95d00b1d525a41b4637cbd317269a, type: 3}
      propertyPath: m_LocalEulerAnglesHint.z
      value: 0
      objectReference: {fileID: 0}
    - target: {fileID: 8473390411665875087, guid: 64f95d00b1d525a41b4637cbd317269a, type: 3}
      propertyPath: m_Name
      value: SunSensor (6)
      objectReference: {fileID: 0}
    m_RemovedComponents: []
  m_SourcePrefab: {fileID: 100100000, guid: 64f95d00b1d525a41b4637cbd317269a, type: 3}
--- !u!4 &249717201548408891 stripped
Transform:
  m_CorrespondingSourceObject: {fileID: 8473390411665875086, guid: 64f95d00b1d525a41b4637cbd317269a, type: 3}
  m_PrefabInstance: {fileID: 8566035434353940661}
  m_PrefabAsset: {fileID: 0}
--- !u!1001 &8566035434374286856
PrefabInstance:
  m_ObjectHideFlags: 0
  serializedVersion: 2
  m_Modification:
    m_TransformParent: {fileID: 5810649822129368125}
    m_Modifications:
    - target: {fileID: 8473390411665875086, guid: 64f95d00b1d525a41b4637cbd317269a, type: 3}
      propertyPath: m_RootOrder
      value: 8
      objectReference: {fileID: 0}
    - target: {fileID: 8473390411665875086, guid: 64f95d00b1d525a41b4637cbd317269a, type: 3}
      propertyPath: m_LocalPosition.x
      value: -0.32264832
      objectReference: {fileID: 0}
    - target: {fileID: 8473390411665875086, guid: 64f95d00b1d525a41b4637cbd317269a, type: 3}
      propertyPath: m_LocalPosition.y
      value: 0.57899994
      objectReference: {fileID: 0}
    - target: {fileID: 8473390411665875086, guid: 64f95d00b1d525a41b4637cbd317269a, type: 3}
      propertyPath: m_LocalPosition.z
      value: 0.3529139
      objectReference: {fileID: 0}
    - target: {fileID: 8473390411665875086, guid: 64f95d00b1d525a41b4637cbd317269a, type: 3}
      propertyPath: m_LocalRotation.w
      value: 0.9360081
      objectReference: {fileID: 0}
    - target: {fileID: 8473390411665875086, guid: 64f95d00b1d525a41b4637cbd317269a, type: 3}
      propertyPath: m_LocalRotation.x
      value: -0
      objectReference: {fileID: 0}
    - target: {fileID: 8473390411665875086, guid: 64f95d00b1d525a41b4637cbd317269a, type: 3}
      propertyPath: m_LocalRotation.y
      value: -0.35197866
      objectReference: {fileID: 0}
    - target: {fileID: 8473390411665875086, guid: 64f95d00b1d525a41b4637cbd317269a, type: 3}
      propertyPath: m_LocalRotation.z
      value: -0
      objectReference: {fileID: 0}
    - target: {fileID: 8473390411665875086, guid: 64f95d00b1d525a41b4637cbd317269a, type: 3}
      propertyPath: m_LocalEulerAnglesHint.x
      value: 0
      objectReference: {fileID: 0}
    - target: {fileID: 8473390411665875086, guid: 64f95d00b1d525a41b4637cbd317269a, type: 3}
      propertyPath: m_LocalEulerAnglesHint.y
      value: -41.217
      objectReference: {fileID: 0}
    - target: {fileID: 8473390411665875086, guid: 64f95d00b1d525a41b4637cbd317269a, type: 3}
      propertyPath: m_LocalEulerAnglesHint.z
      value: 0
      objectReference: {fileID: 0}
    - target: {fileID: 8473390411665875087, guid: 64f95d00b1d525a41b4637cbd317269a, type: 3}
      propertyPath: m_Name
      value: SunSensor (8)
      objectReference: {fileID: 0}
    m_RemovedComponents: []
  m_SourcePrefab: {fileID: 100100000, guid: 64f95d00b1d525a41b4637cbd317269a, type: 3}
--- !u!4 &249717201567903366 stripped
Transform:
  m_CorrespondingSourceObject: {fileID: 8473390411665875086, guid: 64f95d00b1d525a41b4637cbd317269a, type: 3}
  m_PrefabInstance: {fileID: 8566035434374286856}
  m_PrefabAsset: {fileID: 0}
--- !u!1001 &8566035434424626074
PrefabInstance:
  m_ObjectHideFlags: 0
  serializedVersion: 2
  m_Modification:
    m_TransformParent: {fileID: 5810649822129368125}
    m_Modifications:
    - target: {fileID: 8473390411665875086, guid: 64f95d00b1d525a41b4637cbd317269a, type: 3}
      propertyPath: m_RootOrder
      value: 7
      objectReference: {fileID: 0}
    - target: {fileID: 8473390411665875086, guid: 64f95d00b1d525a41b4637cbd317269a, type: 3}
      propertyPath: m_LocalPosition.x
      value: 0.147
      objectReference: {fileID: 0}
    - target: {fileID: 8473390411665875086, guid: 64f95d00b1d525a41b4637cbd317269a, type: 3}
      propertyPath: m_LocalPosition.y
      value: 0.854
      objectReference: {fileID: 0}
    - target: {fileID: 8473390411665875086, guid: 64f95d00b1d525a41b4637cbd317269a, type: 3}
      propertyPath: m_LocalPosition.z
      value: 0.221
      objectReference: {fileID: 0}
    - target: {fileID: 8473390411665875086, guid: 64f95d00b1d525a41b4637cbd317269a, type: 3}
      propertyPath: m_LocalRotation.w
      value: 0.96676123
      objectReference: {fileID: 0}
    - target: {fileID: 8473390411665875086, guid: 64f95d00b1d525a41b4637cbd317269a, type: 3}
      propertyPath: m_LocalRotation.x
      value: -0
      objectReference: {fileID: 0}
    - target: {fileID: 8473390411665875086, guid: 64f95d00b1d525a41b4637cbd317269a, type: 3}
      propertyPath: m_LocalRotation.y
      value: 0.25568122
      objectReference: {fileID: 0}
    - target: {fileID: 8473390411665875086, guid: 64f95d00b1d525a41b4637cbd317269a, type: 3}
      propertyPath: m_LocalRotation.z
      value: -0
      objectReference: {fileID: 0}
    - target: {fileID: 8473390411665875086, guid: 64f95d00b1d525a41b4637cbd317269a, type: 3}
      propertyPath: m_LocalEulerAnglesHint.x
      value: 0
      objectReference: {fileID: 0}
    - target: {fileID: 8473390411665875086, guid: 64f95d00b1d525a41b4637cbd317269a, type: 3}
      propertyPath: m_LocalEulerAnglesHint.y
      value: 29.628
      objectReference: {fileID: 0}
    - target: {fileID: 8473390411665875086, guid: 64f95d00b1d525a41b4637cbd317269a, type: 3}
      propertyPath: m_LocalEulerAnglesHint.z
      value: 0
      objectReference: {fileID: 0}
    - target: {fileID: 8473390411665875087, guid: 64f95d00b1d525a41b4637cbd317269a, type: 3}
      propertyPath: m_Name
      value: SunSensor (7)
      objectReference: {fileID: 0}
    m_RemovedComponents: []
  m_SourcePrefab: {fileID: 100100000, guid: 64f95d00b1d525a41b4637cbd317269a, type: 3}
--- !u!4 &249717201349790484 stripped
Transform:
  m_CorrespondingSourceObject: {fileID: 8473390411665875086, guid: 64f95d00b1d525a41b4637cbd317269a, type: 3}
  m_PrefabInstance: {fileID: 8566035434424626074}
  m_PrefabAsset: {fileID: 0}
--- !u!1001 &8566035434472763950
PrefabInstance:
  m_ObjectHideFlags: 0
  serializedVersion: 2
  m_Modification:
    m_TransformParent: {fileID: 5810649822129368125}
    m_Modifications:
    - target: {fileID: 8473390411665875086, guid: 64f95d00b1d525a41b4637cbd317269a, type: 3}
      propertyPath: m_RootOrder
      value: 11
      objectReference: {fileID: 0}
    - target: {fileID: 8473390411665875086, guid: 64f95d00b1d525a41b4637cbd317269a, type: 3}
      propertyPath: m_LocalPosition.x
      value: 0.19
      objectReference: {fileID: 0}
    - target: {fileID: 8473390411665875086, guid: 64f95d00b1d525a41b4637cbd317269a, type: 3}
      propertyPath: m_LocalPosition.y
      value: 0.58
      objectReference: {fileID: 0}
    - target: {fileID: 8473390411665875086, guid: 64f95d00b1d525a41b4637cbd317269a, type: 3}
      propertyPath: m_LocalPosition.z
      value: 0.296
      objectReference: {fileID: 0}
    - target: {fileID: 8473390411665875086, guid: 64f95d00b1d525a41b4637cbd317269a, type: 3}
      propertyPath: m_LocalRotation.w
      value: 0.96676123
      objectReference: {fileID: 0}
    - target: {fileID: 8473390411665875086, guid: 64f95d00b1d525a41b4637cbd317269a, type: 3}
      propertyPath: m_LocalRotation.x
      value: -0
      objectReference: {fileID: 0}
    - target: {fileID: 8473390411665875086, guid: 64f95d00b1d525a41b4637cbd317269a, type: 3}
      propertyPath: m_LocalRotation.y
      value: 0.25568122
      objectReference: {fileID: 0}
    - target: {fileID: 8473390411665875086, guid: 64f95d00b1d525a41b4637cbd317269a, type: 3}
      propertyPath: m_LocalRotation.z
      value: -0
      objectReference: {fileID: 0}
    - target: {fileID: 8473390411665875086, guid: 64f95d00b1d525a41b4637cbd317269a, type: 3}
      propertyPath: m_LocalEulerAnglesHint.x
      value: 0
      objectReference: {fileID: 0}
    - target: {fileID: 8473390411665875086, guid: 64f95d00b1d525a41b4637cbd317269a, type: 3}
      propertyPath: m_LocalEulerAnglesHint.y
      value: 29.628
      objectReference: {fileID: 0}
    - target: {fileID: 8473390411665875086, guid: 64f95d00b1d525a41b4637cbd317269a, type: 3}
      propertyPath: m_LocalEulerAnglesHint.z
      value: 0
      objectReference: {fileID: 0}
    - target: {fileID: 8473390411665875087, guid: 64f95d00b1d525a41b4637cbd317269a, type: 3}
      propertyPath: m_Name
      value: SunSensor (11)
      objectReference: {fileID: 0}
    m_RemovedComponents: []
  m_SourcePrefab: {fileID: 100100000, guid: 64f95d00b1d525a41b4637cbd317269a, type: 3}
--- !u!4 &249717201465234080 stripped
Transform:
  m_CorrespondingSourceObject: {fileID: 8473390411665875086, guid: 64f95d00b1d525a41b4637cbd317269a, type: 3}
  m_PrefabInstance: {fileID: 8566035434472763950}
  m_PrefabAsset: {fileID: 0}
--- !u!1001 &8566035434533314167
PrefabInstance:
  m_ObjectHideFlags: 0
  serializedVersion: 2
  m_Modification:
    m_TransformParent: {fileID: 5810649822129368125}
    m_Modifications:
    - target: {fileID: 8473390411665875086, guid: 64f95d00b1d525a41b4637cbd317269a, type: 3}
      propertyPath: m_RootOrder
      value: 19
      objectReference: {fileID: 0}
    - target: {fileID: 8473390411665875086, guid: 64f95d00b1d525a41b4637cbd317269a, type: 3}
      propertyPath: m_LocalPosition.x
      value: 0.238
      objectReference: {fileID: 0}
    - target: {fileID: 8473390411665875086, guid: 64f95d00b1d525a41b4637cbd317269a, type: 3}
      propertyPath: m_LocalPosition.y
      value: 0.27300006
      objectReference: {fileID: 0}
    - target: {fileID: 8473390411665875086, guid: 64f95d00b1d525a41b4637cbd317269a, type: 3}
      propertyPath: m_LocalPosition.z
      value: 0.381
      objectReference: {fileID: 0}
    - target: {fileID: 8473390411665875086, guid: 64f95d00b1d525a41b4637cbd317269a, type: 3}
      propertyPath: m_LocalRotation.w
      value: 0.96676123
      objectReference: {fileID: 0}
    - target: {fileID: 8473390411665875086, guid: 64f95d00b1d525a41b4637cbd317269a, type: 3}
      propertyPath: m_LocalRotation.x
      value: -0
      objectReference: {fileID: 0}
    - target: {fileID: 8473390411665875086, guid: 64f95d00b1d525a41b4637cbd317269a, type: 3}
      propertyPath: m_LocalRotation.y
      value: 0.25568122
      objectReference: {fileID: 0}
    - target: {fileID: 8473390411665875086, guid: 64f95d00b1d525a41b4637cbd317269a, type: 3}
      propertyPath: m_LocalRotation.z
      value: -0
      objectReference: {fileID: 0}
    - target: {fileID: 8473390411665875086, guid: 64f95d00b1d525a41b4637cbd317269a, type: 3}
      propertyPath: m_LocalEulerAnglesHint.x
      value: 0
      objectReference: {fileID: 0}
    - target: {fileID: 8473390411665875086, guid: 64f95d00b1d525a41b4637cbd317269a, type: 3}
      propertyPath: m_LocalEulerAnglesHint.y
      value: 29.628
      objectReference: {fileID: 0}
    - target: {fileID: 8473390411665875086, guid: 64f95d00b1d525a41b4637cbd317269a, type: 3}
      propertyPath: m_LocalEulerAnglesHint.z
      value: 0
      objectReference: {fileID: 0}
    - target: {fileID: 8473390411665875087, guid: 64f95d00b1d525a41b4637cbd317269a, type: 3}
      propertyPath: m_Name
      value: SunSensor (19)
      objectReference: {fileID: 0}
    m_RemovedComponents: []
  m_SourcePrefab: {fileID: 100100000, guid: 64f95d00b1d525a41b4637cbd317269a, type: 3}
--- !u!4 &249717201241636601 stripped
Transform:
  m_CorrespondingSourceObject: {fileID: 8473390411665875086, guid: 64f95d00b1d525a41b4637cbd317269a, type: 3}
  m_PrefabInstance: {fileID: 8566035434533314167}
  m_PrefabAsset: {fileID: 0}
--- !u!1001 &8566035434630027169
PrefabInstance:
  m_ObjectHideFlags: 0
  serializedVersion: 2
  m_Modification:
    m_TransformParent: {fileID: 5810649822129368125}
    m_Modifications:
    - target: {fileID: 8473390411665875086, guid: 64f95d00b1d525a41b4637cbd317269a, type: 3}
      propertyPath: m_RootOrder
      value: 22
      objectReference: {fileID: 0}
    - target: {fileID: 8473390411665875086, guid: 64f95d00b1d525a41b4637cbd317269a, type: 3}
      propertyPath: m_LocalPosition.x
      value: 0.123
      objectReference: {fileID: 0}
    - target: {fileID: 8473390411665875086, guid: 64f95d00b1d525a41b4637cbd317269a, type: 3}
      propertyPath: m_LocalPosition.y
      value: 1.3399999
      objectReference: {fileID: 0}
    - target: {fileID: 8473390411665875086, guid: 64f95d00b1d525a41b4637cbd317269a, type: 3}
      propertyPath: m_LocalPosition.z
      value: 0.252
      objectReference: {fileID: 0}
    - target: {fileID: 8473390411665875086, guid: 64f95d00b1d525a41b4637cbd317269a, type: 3}
      propertyPath: m_LocalRotation.w
      value: 0.96676123
      objectReference: {fileID: 0}
    - target: {fileID: 8473390411665875086, guid: 64f95d00b1d525a41b4637cbd317269a, type: 3}
      propertyPath: m_LocalRotation.x
      value: -0
      objectReference: {fileID: 0}
    - target: {fileID: 8473390411665875086, guid: 64f95d00b1d525a41b4637cbd317269a, type: 3}
      propertyPath: m_LocalRotation.y
      value: 0.25568122
      objectReference: {fileID: 0}
    - target: {fileID: 8473390411665875086, guid: 64f95d00b1d525a41b4637cbd317269a, type: 3}
      propertyPath: m_LocalRotation.z
      value: -0
      objectReference: {fileID: 0}
    - target: {fileID: 8473390411665875086, guid: 64f95d00b1d525a41b4637cbd317269a, type: 3}
      propertyPath: m_LocalEulerAnglesHint.x
      value: 0
      objectReference: {fileID: 0}
    - target: {fileID: 8473390411665875086, guid: 64f95d00b1d525a41b4637cbd317269a, type: 3}
      propertyPath: m_LocalEulerAnglesHint.y
      value: 29.628
      objectReference: {fileID: 0}
    - target: {fileID: 8473390411665875086, guid: 64f95d00b1d525a41b4637cbd317269a, type: 3}
      propertyPath: m_LocalEulerAnglesHint.z
      value: 0
      objectReference: {fileID: 0}
    - target: {fileID: 8473390411665875087, guid: 64f95d00b1d525a41b4637cbd317269a, type: 3}
      propertyPath: m_Name
      value: SunSensor (23)
      objectReference: {fileID: 0}
    m_RemovedComponents: []
  m_SourcePrefab: {fileID: 100100000, guid: 64f95d00b1d525a41b4637cbd317269a, type: 3}
--- !u!4 &249717201270191919 stripped
Transform:
  m_CorrespondingSourceObject: {fileID: 8473390411665875086, guid: 64f95d00b1d525a41b4637cbd317269a, type: 3}
  m_PrefabInstance: {fileID: 8566035434630027169}
  m_PrefabAsset: {fileID: 0}
--- !u!1001 &8566035434642767828
PrefabInstance:
  m_ObjectHideFlags: 0
  serializedVersion: 2
  m_Modification:
    m_TransformParent: {fileID: 5810649822129368125}
    m_Modifications:
    - target: {fileID: 8473390411665875086, guid: 64f95d00b1d525a41b4637cbd317269a, type: 3}
      propertyPath: m_RootOrder
      value: 20
      objectReference: {fileID: 0}
    - target: {fileID: 8473390411665875086, guid: 64f95d00b1d525a41b4637cbd317269a, type: 3}
      propertyPath: m_LocalPosition.x
      value: -0.15500003
      objectReference: {fileID: 0}
    - target: {fileID: 8473390411665875086, guid: 64f95d00b1d525a41b4637cbd317269a, type: 3}
      propertyPath: m_LocalPosition.y
      value: 1.3399999
      objectReference: {fileID: 0}
    - target: {fileID: 8473390411665875086, guid: 64f95d00b1d525a41b4637cbd317269a, type: 3}
      propertyPath: m_LocalPosition.z
      value: 0.288
      objectReference: {fileID: 0}
    - target: {fileID: 8473390411665875086, guid: 64f95d00b1d525a41b4637cbd317269a, type: 3}
      propertyPath: m_LocalRotation.w
      value: 1
      objectReference: {fileID: 0}
    - target: {fileID: 8473390411665875086, guid: 64f95d00b1d525a41b4637cbd317269a, type: 3}
      propertyPath: m_LocalRotation.x
      value: -0
      objectReference: {fileID: 0}
    - target: {fileID: 8473390411665875086, guid: 64f95d00b1d525a41b4637cbd317269a, type: 3}
      propertyPath: m_LocalRotation.y
      value: -0
      objectReference: {fileID: 0}
    - target: {fileID: 8473390411665875086, guid: 64f95d00b1d525a41b4637cbd317269a, type: 3}
      propertyPath: m_LocalRotation.z
      value: -0
      objectReference: {fileID: 0}
    - target: {fileID: 8473390411665875086, guid: 64f95d00b1d525a41b4637cbd317269a, type: 3}
      propertyPath: m_LocalEulerAnglesHint.x
      value: 0
      objectReference: {fileID: 0}
    - target: {fileID: 8473390411665875086, guid: 64f95d00b1d525a41b4637cbd317269a, type: 3}
      propertyPath: m_LocalEulerAnglesHint.y
      value: 0
      objectReference: {fileID: 0}
    - target: {fileID: 8473390411665875086, guid: 64f95d00b1d525a41b4637cbd317269a, type: 3}
      propertyPath: m_LocalEulerAnglesHint.z
      value: 0
      objectReference: {fileID: 0}
    - target: {fileID: 8473390411665875087, guid: 64f95d00b1d525a41b4637cbd317269a, type: 3}
      propertyPath: m_Name
      value: SunSensor (21)
      objectReference: {fileID: 0}
    m_RemovedComponents: []
  m_SourcePrefab: {fileID: 100100000, guid: 64f95d00b1d525a41b4637cbd317269a, type: 3}
--- !u!4 &249717201299431258 stripped
Transform:
  m_CorrespondingSourceObject: {fileID: 8473390411665875086, guid: 64f95d00b1d525a41b4637cbd317269a, type: 3}
  m_PrefabInstance: {fileID: 8566035434642767828}
  m_PrefabAsset: {fileID: 0}
--- !u!1001 &8566035434678250465
PrefabInstance:
  m_ObjectHideFlags: 0
  serializedVersion: 2
  m_Modification:
    m_TransformParent: {fileID: 5810649822129368125}
    m_Modifications:
    - target: {fileID: 8473390411665875086, guid: 64f95d00b1d525a41b4637cbd317269a, type: 3}
      propertyPath: m_RootOrder
      value: 2
      objectReference: {fileID: 0}
    - target: {fileID: 8473390411665875086, guid: 64f95d00b1d525a41b4637cbd317269a, type: 3}
      propertyPath: m_LocalPosition.x
      value: 0.03700006
      objectReference: {fileID: 0}
    - target: {fileID: 8473390411665875086, guid: 64f95d00b1d525a41b4637cbd317269a, type: 3}
      propertyPath: m_LocalPosition.y
      value: 1.005
      objectReference: {fileID: 0}
    - target: {fileID: 8473390411665875086, guid: 64f95d00b1d525a41b4637cbd317269a, type: 3}
      propertyPath: m_LocalPosition.z
      value: 0.273
      objectReference: {fileID: 0}
    - target: {fileID: 8473390411665875086, guid: 64f95d00b1d525a41b4637cbd317269a, type: 3}
      propertyPath: m_LocalRotation.w
      value: 1
      objectReference: {fileID: 0}
    - target: {fileID: 8473390411665875086, guid: 64f95d00b1d525a41b4637cbd317269a, type: 3}
      propertyPath: m_LocalRotation.x
      value: -0
      objectReference: {fileID: 0}
    - target: {fileID: 8473390411665875086, guid: 64f95d00b1d525a41b4637cbd317269a, type: 3}
      propertyPath: m_LocalRotation.y
      value: -0
      objectReference: {fileID: 0}
    - target: {fileID: 8473390411665875086, guid: 64f95d00b1d525a41b4637cbd317269a, type: 3}
      propertyPath: m_LocalRotation.z
      value: -0
      objectReference: {fileID: 0}
    - target: {fileID: 8473390411665875086, guid: 64f95d00b1d525a41b4637cbd317269a, type: 3}
      propertyPath: m_LocalEulerAnglesHint.x
      value: 0
      objectReference: {fileID: 0}
    - target: {fileID: 8473390411665875086, guid: 64f95d00b1d525a41b4637cbd317269a, type: 3}
      propertyPath: m_LocalEulerAnglesHint.y
      value: 0
      objectReference: {fileID: 0}
    - target: {fileID: 8473390411665875086, guid: 64f95d00b1d525a41b4637cbd317269a, type: 3}
      propertyPath: m_LocalEulerAnglesHint.z
      value: 0
      objectReference: {fileID: 0}
    - target: {fileID: 8473390411665875087, guid: 64f95d00b1d525a41b4637cbd317269a, type: 3}
      propertyPath: m_Name
      value: SunSensor (2)
      objectReference: {fileID: 0}
    m_RemovedComponents: []
  m_SourcePrefab: {fileID: 100100000, guid: 64f95d00b1d525a41b4637cbd317269a, type: 3}
--- !u!4 &249717201134439279 stripped
Transform:
  m_CorrespondingSourceObject: {fileID: 8473390411665875086, guid: 64f95d00b1d525a41b4637cbd317269a, type: 3}
  m_PrefabInstance: {fileID: 8566035434678250465}
  m_PrefabAsset: {fileID: 0}
--- !u!1001 &8566035434722441219
PrefabInstance:
  m_ObjectHideFlags: 0
  serializedVersion: 2
  m_Modification:
    m_TransformParent: {fileID: 5810649822129368125}
    m_Modifications:
    - target: {fileID: 8473390411665875086, guid: 64f95d00b1d525a41b4637cbd317269a, type: 3}
      propertyPath: m_RootOrder
      value: 10
      objectReference: {fileID: 0}
    - target: {fileID: 8473390411665875086, guid: 64f95d00b1d525a41b4637cbd317269a, type: 3}
      propertyPath: m_LocalPosition.x
      value: 0.03700006
      objectReference: {fileID: 0}
    - target: {fileID: 8473390411665875086, guid: 64f95d00b1d525a41b4637cbd317269a, type: 3}
      propertyPath: m_LocalPosition.y
      value: 0.57899994
      objectReference: {fileID: 0}
    - target: {fileID: 8473390411665875086, guid: 64f95d00b1d525a41b4637cbd317269a, type: 3}
      propertyPath: m_LocalPosition.z
      value: 0.35899997
      objectReference: {fileID: 0}
    - target: {fileID: 8473390411665875086, guid: 64f95d00b1d525a41b4637cbd317269a, type: 3}
      propertyPath: m_LocalRotation.w
      value: 1
      objectReference: {fileID: 0}
    - target: {fileID: 8473390411665875086, guid: 64f95d00b1d525a41b4637cbd317269a, type: 3}
      propertyPath: m_LocalRotation.x
      value: -0
      objectReference: {fileID: 0}
    - target: {fileID: 8473390411665875086, guid: 64f95d00b1d525a41b4637cbd317269a, type: 3}
      propertyPath: m_LocalRotation.y
      value: -0
      objectReference: {fileID: 0}
    - target: {fileID: 8473390411665875086, guid: 64f95d00b1d525a41b4637cbd317269a, type: 3}
      propertyPath: m_LocalRotation.z
      value: -0
      objectReference: {fileID: 0}
    - target: {fileID: 8473390411665875086, guid: 64f95d00b1d525a41b4637cbd317269a, type: 3}
      propertyPath: m_LocalEulerAnglesHint.x
      value: 0
      objectReference: {fileID: 0}
    - target: {fileID: 8473390411665875086, guid: 64f95d00b1d525a41b4637cbd317269a, type: 3}
      propertyPath: m_LocalEulerAnglesHint.y
      value: 0
      objectReference: {fileID: 0}
    - target: {fileID: 8473390411665875086, guid: 64f95d00b1d525a41b4637cbd317269a, type: 3}
      propertyPath: m_LocalEulerAnglesHint.z
      value: 0
      objectReference: {fileID: 0}
    - target: {fileID: 8473390411665875087, guid: 64f95d00b1d525a41b4637cbd317269a, type: 3}
      propertyPath: m_Name
      value: SunSensor (10)
      objectReference: {fileID: 0}
    m_RemovedComponents: []
  m_SourcePrefab: {fileID: 100100000, guid: 64f95d00b1d525a41b4637cbd317269a, type: 3}
--- !u!4 &249717201177778317 stripped
Transform:
  m_CorrespondingSourceObject: {fileID: 8473390411665875086, guid: 64f95d00b1d525a41b4637cbd317269a, type: 3}
  m_PrefabInstance: {fileID: 8566035434722441219}
  m_PrefabAsset: {fileID: 0}
--- !u!1001 &8566035434762530019
PrefabInstance:
  m_ObjectHideFlags: 0
  serializedVersion: 2
  m_Modification:
    m_TransformParent: {fileID: 5810649822129368125}
    m_Modifications:
    - target: {fileID: 8473390411665875086, guid: 64f95d00b1d525a41b4637cbd317269a, type: 3}
      propertyPath: m_RootOrder
      value: 12
      objectReference: {fileID: 0}
    - target: {fileID: 8473390411665875086, guid: 64f95d00b1d525a41b4637cbd317269a, type: 3}
      propertyPath: m_LocalPosition.x
      value: -0.38722086
      objectReference: {fileID: 0}
    - target: {fileID: 8473390411665875086, guid: 64f95d00b1d525a41b4637cbd317269a, type: 3}
      propertyPath: m_LocalPosition.y
      value: 0.433
      objectReference: {fileID: 0}
    - target: {fileID: 8473390411665875086, guid: 64f95d00b1d525a41b4637cbd317269a, type: 3}
      propertyPath: m_LocalPosition.z
      value: 0.42663175
      objectReference: {fileID: 0}
    - target: {fileID: 8473390411665875086, guid: 64f95d00b1d525a41b4637cbd317269a, type: 3}
      propertyPath: m_LocalRotation.w
      value: 0.9360081
      objectReference: {fileID: 0}
    - target: {fileID: 8473390411665875086, guid: 64f95d00b1d525a41b4637cbd317269a, type: 3}
      propertyPath: m_LocalRotation.x
      value: -0
      objectReference: {fileID: 0}
    - target: {fileID: 8473390411665875086, guid: 64f95d00b1d525a41b4637cbd317269a, type: 3}
      propertyPath: m_LocalRotation.y
      value: -0.35197866
      objectReference: {fileID: 0}
    - target: {fileID: 8473390411665875086, guid: 64f95d00b1d525a41b4637cbd317269a, type: 3}
      propertyPath: m_LocalRotation.z
      value: -0
      objectReference: {fileID: 0}
    - target: {fileID: 8473390411665875086, guid: 64f95d00b1d525a41b4637cbd317269a, type: 3}
      propertyPath: m_LocalEulerAnglesHint.x
      value: 0
      objectReference: {fileID: 0}
    - target: {fileID: 8473390411665875086, guid: 64f95d00b1d525a41b4637cbd317269a, type: 3}
      propertyPath: m_LocalEulerAnglesHint.y
      value: -41.217
      objectReference: {fileID: 0}
    - target: {fileID: 8473390411665875086, guid: 64f95d00b1d525a41b4637cbd317269a, type: 3}
      propertyPath: m_LocalEulerAnglesHint.z
      value: 0
      objectReference: {fileID: 0}
    - target: {fileID: 8473390411665875087, guid: 64f95d00b1d525a41b4637cbd317269a, type: 3}
      propertyPath: m_Name
      value: SunSensor (12)
      objectReference: {fileID: 0}
    m_RemovedComponents: []
  m_SourcePrefab: {fileID: 100100000, guid: 64f95d00b1d525a41b4637cbd317269a, type: 3}
--- !u!4 &249717201150823533 stripped
Transform:
  m_CorrespondingSourceObject: {fileID: 8473390411665875086, guid: 64f95d00b1d525a41b4637cbd317269a, type: 3}
  m_PrefabInstance: {fileID: 8566035434762530019}
  m_PrefabAsset: {fileID: 0}
--- !u!1001 &8566035434815310377
PrefabInstance:
  m_ObjectHideFlags: 0
  serializedVersion: 2
  m_Modification:
    m_TransformParent: {fileID: 5810649822129368125}
    m_Modifications:
    - target: {fileID: 8473390411665875086, guid: 64f95d00b1d525a41b4637cbd317269a, type: 3}
      propertyPath: m_RootOrder
      value: 13
      objectReference: {fileID: 0}
    - target: {fileID: 8473390411665875086, guid: 64f95d00b1d525a41b4637cbd317269a, type: 3}
      propertyPath: m_LocalPosition.x
      value: -0.11900002
      objectReference: {fileID: 0}
    - target: {fileID: 8473390411665875086, guid: 64f95d00b1d525a41b4637cbd317269a, type: 3}
      propertyPath: m_LocalPosition.y
      value: 0.43400005
      objectReference: {fileID: 0}
    - target: {fileID: 8473390411665875086, guid: 64f95d00b1d525a41b4637cbd317269a, type: 3}
      propertyPath: m_LocalPosition.z
      value: 0.45700002
      objectReference: {fileID: 0}
    - target: {fileID: 8473390411665875086, guid: 64f95d00b1d525a41b4637cbd317269a, type: 3}
      propertyPath: m_LocalRotation.w
      value: 1
      objectReference: {fileID: 0}
    - target: {fileID: 8473390411665875086, guid: 64f95d00b1d525a41b4637cbd317269a, type: 3}
      propertyPath: m_LocalRotation.x
      value: -0
      objectReference: {fileID: 0}
    - target: {fileID: 8473390411665875086, guid: 64f95d00b1d525a41b4637cbd317269a, type: 3}
      propertyPath: m_LocalRotation.y
      value: -0
      objectReference: {fileID: 0}
    - target: {fileID: 8473390411665875086, guid: 64f95d00b1d525a41b4637cbd317269a, type: 3}
      propertyPath: m_LocalRotation.z
      value: -0
      objectReference: {fileID: 0}
    - target: {fileID: 8473390411665875086, guid: 64f95d00b1d525a41b4637cbd317269a, type: 3}
      propertyPath: m_LocalEulerAnglesHint.x
      value: 0
      objectReference: {fileID: 0}
    - target: {fileID: 8473390411665875086, guid: 64f95d00b1d525a41b4637cbd317269a, type: 3}
      propertyPath: m_LocalEulerAnglesHint.y
      value: 0
      objectReference: {fileID: 0}
    - target: {fileID: 8473390411665875086, guid: 64f95d00b1d525a41b4637cbd317269a, type: 3}
      propertyPath: m_LocalEulerAnglesHint.z
      value: 0
      objectReference: {fileID: 0}
    - target: {fileID: 8473390411665875087, guid: 64f95d00b1d525a41b4637cbd317269a, type: 3}
      propertyPath: m_Name
      value: SunSensor (13)
      objectReference: {fileID: 0}
    m_RemovedComponents: []
  m_SourcePrefab: {fileID: 100100000, guid: 64f95d00b1d525a41b4637cbd317269a, type: 3}
--- !u!4 &249717200986368679 stripped
Transform:
  m_CorrespondingSourceObject: {fileID: 8473390411665875086, guid: 64f95d00b1d525a41b4637cbd317269a, type: 3}
  m_PrefabInstance: {fileID: 8566035434815310377}
  m_PrefabAsset: {fileID: 0}
--- !u!1001 &8566035434966747264
PrefabInstance:
  m_ObjectHideFlags: 0
  serializedVersion: 2
  m_Modification:
    m_TransformParent: {fileID: 5810649822129368125}
    m_Modifications:
    - target: {fileID: 8473390411665875086, guid: 64f95d00b1d525a41b4637cbd317269a, type: 3}
      propertyPath: m_RootOrder
      value: 3
      objectReference: {fileID: 0}
    - target: {fileID: 8473390411665875086, guid: 64f95d00b1d525a41b4637cbd317269a, type: 3}
      propertyPath: m_LocalPosition.x
      value: 0.147
      objectReference: {fileID: 0}
    - target: {fileID: 8473390411665875086, guid: 64f95d00b1d525a41b4637cbd317269a, type: 3}
      propertyPath: m_LocalPosition.y
      value: 1.006
      objectReference: {fileID: 0}
    - target: {fileID: 8473390411665875086, guid: 64f95d00b1d525a41b4637cbd317269a, type: 3}
      propertyPath: m_LocalPosition.z
      value: 0.221
      objectReference: {fileID: 0}
    - target: {fileID: 8473390411665875086, guid: 64f95d00b1d525a41b4637cbd317269a, type: 3}
      propertyPath: m_LocalRotation.w
      value: 0.96676123
      objectReference: {fileID: 0}
    - target: {fileID: 8473390411665875086, guid: 64f95d00b1d525a41b4637cbd317269a, type: 3}
      propertyPath: m_LocalRotation.x
      value: -0
      objectReference: {fileID: 0}
    - target: {fileID: 8473390411665875086, guid: 64f95d00b1d525a41b4637cbd317269a, type: 3}
      propertyPath: m_LocalRotation.y
      value: 0.25568122
      objectReference: {fileID: 0}
    - target: {fileID: 8473390411665875086, guid: 64f95d00b1d525a41b4637cbd317269a, type: 3}
      propertyPath: m_LocalRotation.z
      value: -0
      objectReference: {fileID: 0}
    - target: {fileID: 8473390411665875086, guid: 64f95d00b1d525a41b4637cbd317269a, type: 3}
      propertyPath: m_LocalEulerAnglesHint.x
      value: 0
      objectReference: {fileID: 0}
    - target: {fileID: 8473390411665875086, guid: 64f95d00b1d525a41b4637cbd317269a, type: 3}
      propertyPath: m_LocalEulerAnglesHint.y
      value: 29.628
      objectReference: {fileID: 0}
    - target: {fileID: 8473390411665875086, guid: 64f95d00b1d525a41b4637cbd317269a, type: 3}
      propertyPath: m_LocalEulerAnglesHint.z
      value: 0
      objectReference: {fileID: 0}
    - target: {fileID: 8473390411665875087, guid: 64f95d00b1d525a41b4637cbd317269a, type: 3}
      propertyPath: m_Name
      value: SunSensor (3)
      objectReference: {fileID: 0}
    m_RemovedComponents: []
  m_SourcePrefab: {fileID: 100100000, guid: 64f95d00b1d525a41b4637cbd317269a, type: 3}
--- !u!4 &249717200801343502 stripped
Transform:
  m_CorrespondingSourceObject: {fileID: 8473390411665875086, guid: 64f95d00b1d525a41b4637cbd317269a, type: 3}
  m_PrefabInstance: {fileID: 8566035434966747264}
  m_PrefabAsset: {fileID: 0}
--- !u!1001 &8566035435251799204
PrefabInstance:
  m_ObjectHideFlags: 0
  serializedVersion: 2
  m_Modification:
    m_TransformParent: {fileID: 5810649822129368125}
    m_Modifications:
    - target: {fileID: 8473390411665875086, guid: 64f95d00b1d525a41b4637cbd317269a, type: 3}
      propertyPath: m_RootOrder
      value: 1
      objectReference: {fileID: 0}
    - target: {fileID: 8473390411665875086, guid: 64f95d00b1d525a41b4637cbd317269a, type: 3}
      propertyPath: m_LocalPosition.x
      value: -0.11900002
      objectReference: {fileID: 0}
    - target: {fileID: 8473390411665875086, guid: 64f95d00b1d525a41b4637cbd317269a, type: 3}
      propertyPath: m_LocalPosition.y
      value: 1.006
      objectReference: {fileID: 0}
    - target: {fileID: 8473390411665875086, guid: 64f95d00b1d525a41b4637cbd317269a, type: 3}
      propertyPath: m_LocalPosition.z
      value: 0.273
      objectReference: {fileID: 0}
    - target: {fileID: 8473390411665875086, guid: 64f95d00b1d525a41b4637cbd317269a, type: 3}
      propertyPath: m_LocalRotation.w
      value: 1
      objectReference: {fileID: 0}
    - target: {fileID: 8473390411665875086, guid: 64f95d00b1d525a41b4637cbd317269a, type: 3}
      propertyPath: m_LocalRotation.x
      value: -0
      objectReference: {fileID: 0}
    - target: {fileID: 8473390411665875086, guid: 64f95d00b1d525a41b4637cbd317269a, type: 3}
      propertyPath: m_LocalRotation.y
      value: -0
      objectReference: {fileID: 0}
    - target: {fileID: 8473390411665875086, guid: 64f95d00b1d525a41b4637cbd317269a, type: 3}
      propertyPath: m_LocalRotation.z
      value: -0
      objectReference: {fileID: 0}
    - target: {fileID: 8473390411665875086, guid: 64f95d00b1d525a41b4637cbd317269a, type: 3}
      propertyPath: m_LocalEulerAnglesHint.x
      value: 0
      objectReference: {fileID: 0}
    - target: {fileID: 8473390411665875086, guid: 64f95d00b1d525a41b4637cbd317269a, type: 3}
      propertyPath: m_LocalEulerAnglesHint.y
      value: 0
      objectReference: {fileID: 0}
    - target: {fileID: 8473390411665875086, guid: 64f95d00b1d525a41b4637cbd317269a, type: 3}
      propertyPath: m_LocalEulerAnglesHint.z
      value: 0
      objectReference: {fileID: 0}
    - target: {fileID: 8473390411665875087, guid: 64f95d00b1d525a41b4637cbd317269a, type: 3}
      propertyPath: m_Name
      value: SunSensor (1)
      objectReference: {fileID: 0}
    m_RemovedComponents: []
  m_SourcePrefab: {fileID: 100100000, guid: 64f95d00b1d525a41b4637cbd317269a, type: 3}
--- !u!4 &249717200550376490 stripped
Transform:
  m_CorrespondingSourceObject: {fileID: 8473390411665875086, guid: 64f95d00b1d525a41b4637cbd317269a, type: 3}
  m_PrefabInstance: {fileID: 8566035435251799204}
  m_PrefabAsset: {fileID: 0}
--- !u!1001 &8566035435344697402
PrefabInstance:
  m_ObjectHideFlags: 0
  serializedVersion: 2
  m_Modification:
    m_TransformParent: {fileID: 5810649822129368125}
    m_Modifications:
    - target: {fileID: 8473390411665875086, guid: 64f95d00b1d525a41b4637cbd317269a, type: 3}
      propertyPath: m_RootOrder
      value: 17
      objectReference: {fileID: 0}
    - target: {fileID: 8473390411665875086, guid: 64f95d00b1d525a41b4637cbd317269a, type: 3}
      propertyPath: m_LocalPosition.x
      value: -0.11900002
      objectReference: {fileID: 0}
    - target: {fileID: 8473390411665875086, guid: 64f95d00b1d525a41b4637cbd317269a, type: 3}
      propertyPath: m_LocalPosition.y
      value: 0.27300006
      objectReference: {fileID: 0}
    - target: {fileID: 8473390411665875086, guid: 64f95d00b1d525a41b4637cbd317269a, type: 3}
      propertyPath: m_LocalPosition.z
      value: 0.45700002
      objectReference: {fileID: 0}
    - target: {fileID: 8473390411665875086, guid: 64f95d00b1d525a41b4637cbd317269a, type: 3}
      propertyPath: m_LocalRotation.w
      value: 1
      objectReference: {fileID: 0}
    - target: {fileID: 8473390411665875086, guid: 64f95d00b1d525a41b4637cbd317269a, type: 3}
      propertyPath: m_LocalRotation.x
      value: -0
      objectReference: {fileID: 0}
    - target: {fileID: 8473390411665875086, guid: 64f95d00b1d525a41b4637cbd317269a, type: 3}
      propertyPath: m_LocalRotation.y
      value: -0
      objectReference: {fileID: 0}
    - target: {fileID: 8473390411665875086, guid: 64f95d00b1d525a41b4637cbd317269a, type: 3}
      propertyPath: m_LocalRotation.z
      value: -0
      objectReference: {fileID: 0}
    - target: {fileID: 8473390411665875086, guid: 64f95d00b1d525a41b4637cbd317269a, type: 3}
      propertyPath: m_LocalEulerAnglesHint.x
      value: 0
      objectReference: {fileID: 0}
    - target: {fileID: 8473390411665875086, guid: 64f95d00b1d525a41b4637cbd317269a, type: 3}
      propertyPath: m_LocalEulerAnglesHint.y
      value: 0
      objectReference: {fileID: 0}
    - target: {fileID: 8473390411665875086, guid: 64f95d00b1d525a41b4637cbd317269a, type: 3}
      propertyPath: m_LocalEulerAnglesHint.z
      value: 0
      objectReference: {fileID: 0}
    - target: {fileID: 8473390411665875087, guid: 64f95d00b1d525a41b4637cbd317269a, type: 3}
      propertyPath: m_Name
      value: SunSensor (17)
      objectReference: {fileID: 0}
    m_RemovedComponents: []
  m_SourcePrefab: {fileID: 100100000, guid: 64f95d00b1d525a41b4637cbd317269a, type: 3}
--- !u!4 &249717200459053236 stripped
Transform:
  m_CorrespondingSourceObject: {fileID: 8473390411665875086, guid: 64f95d00b1d525a41b4637cbd317269a, type: 3}
  m_PrefabInstance: {fileID: 8566035435344697402}
  m_PrefabAsset: {fileID: 0}
--- !u!1001 &9066518696648489903
PrefabInstance:
  m_ObjectHideFlags: 0
  serializedVersion: 2
  m_Modification:
    m_TransformParent: {fileID: 5810649822129368125}
    m_Modifications:
    - target: {fileID: 8473390411665875086, guid: 64f95d00b1d525a41b4637cbd317269a, type: 3}
      propertyPath: m_RootOrder
      value: 27
      objectReference: {fileID: 0}
    - target: {fileID: 8473390411665875086, guid: 64f95d00b1d525a41b4637cbd317269a, type: 3}
      propertyPath: m_LocalPosition.x
      value: -0.11900002
      objectReference: {fileID: 0}
    - target: {fileID: 8473390411665875086, guid: 64f95d00b1d525a41b4637cbd317269a, type: 3}
      propertyPath: m_LocalPosition.y
      value: 0.7009
      objectReference: {fileID: 0}
    - target: {fileID: 8473390411665875086, guid: 64f95d00b1d525a41b4637cbd317269a, type: 3}
      propertyPath: m_LocalPosition.z
      value: 0.34099996
      objectReference: {fileID: 0}
    - target: {fileID: 8473390411665875086, guid: 64f95d00b1d525a41b4637cbd317269a, type: 3}
      propertyPath: m_LocalRotation.w
      value: 1
      objectReference: {fileID: 0}
    - target: {fileID: 8473390411665875086, guid: 64f95d00b1d525a41b4637cbd317269a, type: 3}
      propertyPath: m_LocalRotation.x
      value: -0
      objectReference: {fileID: 0}
    - target: {fileID: 8473390411665875086, guid: 64f95d00b1d525a41b4637cbd317269a, type: 3}
      propertyPath: m_LocalRotation.y
      value: -0
      objectReference: {fileID: 0}
    - target: {fileID: 8473390411665875086, guid: 64f95d00b1d525a41b4637cbd317269a, type: 3}
      propertyPath: m_LocalRotation.z
      value: -0
      objectReference: {fileID: 0}
    - target: {fileID: 8473390411665875086, guid: 64f95d00b1d525a41b4637cbd317269a, type: 3}
      propertyPath: m_LocalEulerAnglesHint.x
      value: 0
      objectReference: {fileID: 0}
    - target: {fileID: 8473390411665875086, guid: 64f95d00b1d525a41b4637cbd317269a, type: 3}
      propertyPath: m_LocalEulerAnglesHint.y
      value: 0
      objectReference: {fileID: 0}
    - target: {fileID: 8473390411665875086, guid: 64f95d00b1d525a41b4637cbd317269a, type: 3}
      propertyPath: m_LocalEulerAnglesHint.z
      value: 0
      objectReference: {fileID: 0}
    - target: {fileID: 8473390411665875087, guid: 64f95d00b1d525a41b4637cbd317269a, type: 3}
      propertyPath: m_Name
      value: SunSensor (27)
      objectReference: {fileID: 0}
    m_RemovedComponents: []
  m_SourcePrefab: {fileID: 100100000, guid: 64f95d00b1d525a41b4637cbd317269a, type: 3}
--- !u!4 &595945303851408161 stripped
Transform:
  m_CorrespondingSourceObject: {fileID: 8473390411665875086, guid: 64f95d00b1d525a41b4637cbd317269a, type: 3}
  m_PrefabInstance: {fileID: 9066518696648489903}
  m_PrefabAsset: {fileID: 0}
